<collection xmlns="http://www.loc.gov/MARC21/slim">
<record>
  <leader>01564nam0a22003011i 450 </leader>
  <controlfield tag="001">IT\ICCU\CNCE\037477</controlfield>
  <controlfield tag="005">20151127000000.0</controlfield>
  <datafield tag="012" ind1=" " ind2=" ">
    <subfield code="a">i-ti e-la e.o- cace (3) 1588 (R)</subfield>
    <subfield code="2">fei</subfield>
  </datafield>
  <datafield tag="100" ind1=" " ind2=" ">
    <subfield code="a">19981019d1588        0itac0103    ba</subfield>
  </datafield>
  <datafield tag="101" ind1=" " ind2=" ">
    <subfield code="a">ITA</subfield>
  </datafield>
  <datafield tag="102" ind1=" " ind2=" ">
    <subfield code="a">IT</subfield>
  </datafield>
  <datafield tag="200" ind1="1" ind2=" ">
    <subfield code="a">Trattato delle virtu cristiane. Nel quale, con molta breuit,̉ si ragiona, non solamente delle teologiche e cardinali, ma anche, e delle morali e dell&apos;altre. Dell&apos; abate don Siluano Razzi camaldolese</subfield>
  </datafield>
  <datafield tag="210" ind1=" " ind2=" ">
    <subfield code="a">In Firenze</subfield>
    <subfield code="c">appresso Antonio Padouano</subfield>
    <subfield code="d">1588</subfield>
  </datafield>
  <datafield tag="215" ind1=" " ind2=" ">
    <subfield code="a">\12!, 225, \3! p.</subfield>
    <subfield code="d">12ʻ</subfield>
  </datafield>
  <datafield tag="620" ind1=" " ind2=" ">
    <subfield code="a">IT</subfield>
    <subfield code="d">Firenze</subfield>
  </datafield>
  <datafield tag="700" ind1=" " ind2="1">
    <subfield code="a">Razzi,</subfield>
    <subfield code="b">Silvano</subfield>
    <subfield code="3">IT\ICCU\CNCA\001088</subfield>
  </datafield>
  <datafield tag="712" ind1="0" ind2="0">
    <subfield code="a">Padovani, Antonio</subfield>
    <subfield code="3">IT\ICCU\CNCT\001132</subfield>
    <subfield code="4">650</subfield>
  </datafield>
  <datafield tag="790" ind1=" " ind2="1">
    <subfield code="a">Razzi,</subfield>
    <subfield code="b">Girolamo</subfield>
    <subfield code="3">IT\ICCU\CNCA\008544</subfield>
    <subfield code="z">Razzi, Silvano</subfield>
  </datafield>
  <datafield tag="791" ind1="0" ind2="0">
    <subfield code="a">Patavinius, Antonius</subfield>
    <subfield code="3">IT\ICCU\CNCT\002265</subfield>
    <subfield code="z">Padovani, Antonio</subfield>
  </datafield>
  <datafield tag="791" ind1="0" ind2="0">
    <subfield code="a">Paduanius, Antonius</subfield>
    <subfield code="3">IT\ICCU\CNCT\004016</subfield>
    <subfield code="z">Padovani, Antonio</subfield>
  </datafield>
  <datafield tag="791" ind1="0" ind2="0">
    <subfield code="a">Padovanio, Antonio</subfield>
    <subfield code="3">IT\ICCU\CNCT\005235</subfield>
    <subfield code="z">Padovani, Antonio</subfield>
  </datafield>
  <datafield tag="791" ind1="0" ind2="0">
    <subfield code="a">Padovano, Antonio</subfield>
    <subfield code="3">IT\ICCU\CNCT\005236</subfield>
    <subfield code="z">Padovani, Antonio</subfield>
  </datafield>
  <datafield tag="791" ind1="0" ind2="0">
    <subfield code="a">Padovanius,  Antonius</subfield>
    <subfield code="3">IT\ICCU\CNCT\005238</subfield>
    <subfield code="z">Padovani, Antonio</subfield>
  </datafield>
  <datafield tag="801" ind1=" " ind2="3">
    <subfield code="a">IT</subfield>
    <subfield code="b">ICCU</subfield>
    <subfield code="c">20201114</subfield>
  </datafield>
  <datafield tag="899" ind1=" " ind2=" ">
    <subfield code="a">Biblioteca civica Romolo Spezioli. Fermo</subfield>
    <subfield code="1">AP0012</subfield>
    <subfield code="2">UMC FM</subfield>
  </datafield>
  <datafield tag="899" ind1=" " ind2=" ">
    <subfield code="a">Biblioteca comunale Giosu ̈Carducci. Citt ̉di Castello</subfield>
    <subfield code="1">PG0032</subfield>
    <subfield code="2">UM1 05</subfield>
  </datafield>
  <datafield tag="911" ind1=" " ind2=" ">
    <subfield code="a">Sul front.</subfield>
    <subfield code="9">IT\ICCU\CNCM\002056</subfield>
  </datafield>
  <datafield tag="921" ind1=" " ind2=" ">
    <subfield code="a">IT\ICCU\CNCM\002056</subfield>
    <subfield code="b">Aquila ad ali spiegate poggia gli artigli su un libro chiuso. In cornice.</subfield>
    <subfield code="e">Duce et auspice</subfield>
    <subfield code="c">U620</subfield>
    <subfield code="d">Dimensioni: 2,5 x 3,3</subfield>
    <subfield code="f">AQUILA</subfield>
    <subfield code="f">LIBRO</subfield>
    <subfield code="g">1587-1588</subfield>
  </datafield>
</record>
</collection>
